% ------------------------------------------------------------------------
% BIBLIOGRAFIA
% ------------------------------------------------------------------------

@online{www1,
  TITLE =        {Strona internetowa Programiz},
  URL =    		 {https://www.programiz.com/dsa/doubly-linked-list},
  URLDATE =		 {2023-10-13}
}

@online{www2,
  TITLE =        {Strona internetowa GitHub},
  URL =    		 {https://github.com},
  URLDATE =		 {2023-10-15}
}